<?xml version="1.0" encoding="UTF-8"?><collection xmlns="http://www.loc.gov/MARC21/slim"><record><leader>00430nam--2200169-i-4500</leader><controlfield tag="001">000045397</controlfield><controlfield tag="002">20161230</controlfield><controlfield tag="005">20161230201045</controlfield><controlfield tag="008">060222s1000------------r-----000-0-eng-d</controlfield><datafield ind1=" " ind2=" " tag="040"><subfield code="a">IFIN-HH</subfield></datafield><datafield ind1=" " ind2=" " tag="080"><subfield code="a">539.18:359.2</subfield></datafield><datafield ind1="1" ind2=" " tag="100"><subfield code="a">Torrens, Ian M</subfield></datafield><datafield ind1="1" ind2="0" tag="245"><subfield code="a">Interatomic potentials</subfield><subfield code="c">Ian m. torrens</subfield></datafield><datafield ind1=" " ind2=" " tag="260"><subfield code="a">New York</subfield><subfield code="b">Academic Press</subfield><subfield code="c">1972</subfield></datafield><datafield ind1=" " ind2=" " tag="300"><subfield code="a">XII + 247P</subfield></datafield><datafield ind1=" " ind2=" " tag="852"><subfield code="a">39852</subfield><subfield code="c">539.18</subfield></datafield><datafield ind1=" " ind2=" " tag="CAT"><subfield code="a">Sys</subfield><subfield code="c">20120703</subfield><subfield code="h">103617</subfield></datafield></record></collection>